<?xml version="1.0" encoding="UTF-8"?><record xmlns="http://www.loc.gov/MARC21/slim" xmlns:cinclude="http://apache.org/cocoon/include/1.0" xmlns:zs="http://www.loc.gov/zing/srw/">
  <leader>00434nz  a2200121n  4500</leader>
  <controlfield tag="001">n  93006944 </controlfield>
  <controlfield tag="003">DLC</controlfield>
  <controlfield tag="005">19930126173152.9</controlfield>
  <controlfield tag="008">930126n| acannaab|          |n aaa |||  </controlfield>
  <datafield tag="010" ind1=" " ind2=" ">
    <subfield code="a">n  93006944 </subfield>
  </datafield>
  <datafield tag="040" ind1=" " ind2=" ">
    <subfield code="a">DLC</subfield>
    <subfield code="c">DLC</subfield>
  </datafield>
  <datafield tag="100" ind1="1" ind2="0">
    <subfield code="a">Moskovits, Malka,</subfield>
    <subfield code="d">1924-</subfield>
  </datafield>
  <datafield tag="670" ind1=" " ind2=" ">
    <subfield code="a">Her The world that crumbled, 1993:</subfield>
    <subfield code="b">CIP t.p. (Malka Moskovits) CIP data sheet(b. 2-3-24, in Berezov, in the Carpathian Ruthenia region of Czechoslovakia; Holocaust survivor)</subfield>
  </datafield>
</record>